<record><leader>00000cas a22000007a 4500</leader><controlfield tag="001">33363475</controlfield><controlfield tag="008">951025d18431843meudn ne      0    0eng d</controlfield><datafield ind1=" " ind2=" " tag="010"><subfield code="a">sn 95068823 </subfield></datafield><datafield ind1=" " ind2=" " tag="040"><subfield code="a">MGN</subfield><subfield code="b">eng</subfield><subfield code="c">MGN</subfield><subfield code="d">OCLCQ</subfield></datafield><datafield ind1=" " ind2=" " tag="042"><subfield code="a">msc</subfield></datafield><datafield ind1="0" ind2=" " tag="130"><subfield code="a">Bangor gazette (Bangor, Me. : 1843)</subfield></datafield><datafield ind1="1" ind2="0" tag="245"><subfield code="a">Bangor gazette.</subfield></datafield><datafield ind1=" " ind2=" " tag="260"><subfield code="a">Bangor [Me.] :</subfield><subfield code="b">John Burrill</subfield></datafield><datafield ind1=" " ind2=" " tag="300"><subfield code="a">v.</subfield></datafield><datafield ind1=" " ind2=" " tag="310"><subfield code="a">Daily (except Sun.)</subfield></datafield><datafield ind1="0" ind2=" " tag="362"><subfield code="a">Vol. 1, no. 1 (Mar. 29, 1843)-</subfield></datafield><datafield ind1=" " ind2=" " tag="580"><subfield code="a">Weekly ed.: Bangor gazette (Bangor, Me. : 1842).</subfield></datafield><datafield ind1=" " ind2=" " tag="752"><subfield code="a">United States</subfield><subfield code="b">Maine</subfield><subfield code="c">Penobscot</subfield><subfield code="d">Bangor.</subfield></datafield><datafield ind1="1" ind2=" " tag="775"><subfield code="t">Bangor gazette (Bangor, Me. : 1842)</subfield><subfield code="w">(DLC)sn 82015894</subfield></datafield><datafield ind1="0" ind2="0" tag="785"><subfield code="t">Bangor daily gazette</subfield><subfield code="w">(DLC)sn 83021239</subfield></datafield></record>